@book{fitting,
    title={First-order modal logic},
    author={Fitting, Melvin and Mendelsohn, Richard L},
    volume={277},
    year={2012},
    publisher={Springer Science \& Business Media}
}
