@PhdThesis{Spaan:coml,
  author =	"E. Spaan",
  title =	"Complexity of Modal Logics",
  school =	"University of Amsterdam",
  year = 	"1993"
}
