@article{gore2009clausal,
    title={Clausal tableaux for multimodal logics of belief},
    author={Gor{\'e}, Rajeev and Nguyen, Linh Anh},
    journal={Fundamenta Informaticae},
    volume={94},
    number={1},
    pages={21--40},
    year={2009},
    publisher={IOS Press}
}
    
@inproceedings{nalon2015modal,
    title={A modal-layered resolution calculus for K},
    author={Nalon, Cl{\'a}udia and Hustadt, Ullrich and Dixon, Clare},
    booktitle={International Conference on Automated Reasoning with
        Analytic Tableaux and Related Methods},
    pages={185--200},
    year={2015},
    organization={Springer}
}

@inproceedings{nguyen,
    title={A new space bound for the modal logics K4, KD4 and S4},
    author={Nguyen, Linh Anh},
    booktitle={International Symposium on Mathematical Foundations of
        Computer Science},
    pages={321--331},
    year={1999},
    organization={Springer}
}

@inproceedings{mints,
    title={Gentzen-type systems and resolution rules {P}art {I}: Propositional
        logic},
    author={Mints, Grigori},
    booktitle={COLOG-88},
    pages={198--231},
    year={1990},
    organization={Springer}
}

@inproceedings{hudelmaier,
    title={Improved decision procedures for the modal logics {K}, {T} and {S4}},
    author={Hudelmaier, J{\"o}rg},
    booktitle={International Workshop on Computer Science Logic},
    pages={320--334},
    year={1995},
    organization={Springer}
}
